<?xml version="1.0" encoding="UTF-8"?><collection xmlns="http://www.loc.gov/MARC21/slim"><record><leader>00356nam--2200133-i-4500</leader><controlfield tag="001">000036067</controlfield><controlfield tag="002">20161230</controlfield><controlfield tag="005">20161230201040</controlfield><controlfield tag="008">060222s1000------------r-----000-0-eng-d</controlfield><datafield ind1=" " ind2=" " tag="080"><subfield code="a">669</subfield></datafield><datafield ind1=" " ind2=" " tag="100"><subfield code="a">Obermuller, Hermann E.M</subfield></datafield><datafield ind1=" " ind2=" " tag="245"><subfield code="a">Metall und atom. neue metalle und verfahren</subfield></datafield><datafield ind1=" " ind2=" " tag="260"><subfield code="a">Stuttgart, Holland &amp; Josenhans Verlag, 1956. 88p</subfield></datafield><datafield ind1=" " ind2=" " tag="852"><subfield code="a">12750</subfield></datafield></record></collection>